@misc{nbr,
  title={Procedimento básico para elaboração de projetos de cabeamento de telecomunicações para rede interna estruturada},
  author={Associação Brasileira de Normas Técnicas},
  year={2000},
  publisher={Associação Brasileira de Normas Técnicas}
}